% Ejemplo de enlace web
@misc{Touch,
  title={Dispositivo Touch},
  author={3D Systems},
  year={2023},
  url={https://es.3dsystems.com/haptics-devices/touch}
}

@misc{OpenHaptics,
  title={OpenHaptics},
  author={3D Systems},
  year={2023},
  url={https://es.3dsystems.com/haptics-devices/openhaptics}
}

@misc{opengl,
  title={OpenGL},
  author={Khronos Group},
  year={2023},
  url={https://www.opengl.org/}
}


@misc{3DSystems,
  title={{3D Systems}},
  year={2023},
  url={https://es.3dsystems.com/}
}

@misc{historia,
  title={Historia del Álgebra Lineal
hasta los Albores del Siglo XX},
  author={{Deivi Luzardo, Alirio J. Pena P.}},
  year={2006}
}

@misc{bell,
  title={Historia de las Matemáticas},
  author={{Eric Temple Bell}},
  year={1945}
}

@misc{vor,
  title={The vestibulo-ocular reflex and angular displacement perception
in darkness in humans: adaptation to a virtual environment},
  author={Y.P. Ivanenko, I. Viaud-Delmon, I. Siegler, I. Israël, A. Berthoz},
  year={1997}
}

@misc{saccadic,
  title={Assessing Saccadic Eye Movements
With Head-Mounted Display Virtual
Reality Technology},
  author={Yu Imaoka, Andri Flury, Eling D. de Bruin},
  year={2020}
}


@misc{eye,
  title={Vive Pro Eye},
  author={HTC},
  year={2019},
  url={https://www.vive.com/us/support/vive-pro-eye/category_howto/about-the-headset.html}
}


@misc{cerebellar,
  title={Cerebellar Contributions to Reach Adaptation and Learning
Sensory Consequences of Action},
  author={Jun Izawa, Sarah E. Criscimagna-Hemminger, Reza Shadmehr},
  year={2012}
}
